<record><leader>01739cam a2200385 i 4500</leader><controlfield tag="001">6625302</controlfield><controlfield tag="008">150618s2015    abca         s000 0 eng d</controlfield><datafield ind1=" " ind2=" " tag="020"><subfield code="a">9781460120934</subfield></datafield><datafield ind1=" " ind2=" " tag="020"><subfield code="z">9781460120941</subfield></datafield><datafield ind1=" " ind2=" " tag="035"><subfield code="a">ocn911269054</subfield></datafield><datafield ind1=" " ind2=" " tag="040"><subfield code="a">AEE</subfield><subfield code="b">eng</subfield><subfield code="e">rda</subfield><subfield code="d">AMG</subfield></datafield><datafield ind1=" " ind2="4" tag="055"><subfield code="a">T55</subfield><subfield code="b">L434 2015</subfield></datafield><datafield ind1=" " ind2=" " tag="090"><subfield code="a">T 55 L42 2015</subfield><subfield code="b">AER</subfield></datafield><datafield ind1=" " ind2=" " tag="090"><subfield code="a">T 55 L434 2015</subfield><subfield code="b">AMG</subfield></datafield><datafield ind1=" " ind2=" " tag="090"><subfield code="a">T 55 L434 2015</subfield><subfield code="b">AEE</subfield></datafield><datafield ind1="0" ind2="0" tag="245"><subfield code="a">Leading indicators for workplace health and safety :</subfield><subfield code="b">a user guide /</subfield><subfield code="c">Alberta Government, Work Safe Alberta.</subfield></datafield><datafield ind1=" " ind2="1" tag="264"><subfield code="a">[Edmonton] :</subfield><subfield code="b">Government of Alberta, Jobs, Skills, Training and Labour,</subfield><subfield code="c">[2015]</subfield></datafield><datafield ind1=" " ind2=" " tag="300"><subfield code="a">32 pages :</subfield><subfield code="b">colour illustrations ;</subfield><subfield code="c">28 cm</subfield></datafield><datafield ind1=" " ind2=" " tag="336"><subfield code="a">text</subfield><subfield code="b">txt</subfield><subfield code="2">rdacontent</subfield></datafield><datafield ind1=" " ind2=" " tag="337"><subfield code="a">unmediated</subfield><subfield code="b">n</subfield><subfield code="2">rdamedia</subfield></datafield><datafield ind1=" " ind2=" " tag="338"><subfield code="a">volume</subfield><subfield code="b">nc</subfield><subfield code="2">rdacarrier</subfield></datafield><datafield ind1=" " ind2=" " tag="500"><subfield code="a">"March 2015."</subfield></datafield><datafield ind1=" " ind2=" " tag="530"><subfield code="a">Also available online.</subfield></datafield><datafield ind1=" " ind2=" " tag="596"><subfield code="a">2 7 12 14 15</subfield></datafield><datafield ind1=" " ind2="0" tag="650"><subfield code="a">Industrial safety</subfield><subfield code="z">Alberta</subfield><subfield code="v">Handbooks, manuals, etc.</subfield></datafield><datafield ind1=" " ind2="0" tag="650"><subfield code="a">Industrial hygiene</subfield><subfield code="z">Alberta.</subfield></datafield><datafield ind1=" " ind2="0" tag="650"><subfield code="a">Accidents</subfield><subfield code="z">Alberta</subfield><subfield code="x">Prevention.</subfield></datafield><datafield ind1="1" ind2=" " tag="710"><subfield code="a">Alberta.</subfield><subfield code="b">Alberta Jobs, Skills, Training and Labour,</subfield><subfield code="e">issuing body.</subfield></datafield><datafield ind1="2" ind2=" " tag="710"><subfield code="a">Work Safe Alberta.</subfield></datafield><datafield ind1=" " ind2=" " tag="926"><subfield code="a">T 55 L434 2015</subfield><subfield code="w">LC</subfield><subfield code="c">1</subfield><subfield code="i">0163310432279</subfield><subfield code="l">ON_SHELF</subfield><subfield code="m">AGL_CAP</subfield><subfield code="r">Y</subfield><subfield code="s">Y</subfield><subfield code="t">BOOK</subfield><subfield code="u">7/3/2014</subfield></datafield><datafield ind1=" " ind2=" " tag="926"><subfield code="a">T 55 L434 2015</subfield><subfield code="w">LC</subfield><subfield code="c">2</subfield><subfield code="i">0163310432287</subfield><subfield code="l">ARCHIVES</subfield><subfield code="m">AGL_CAP</subfield><subfield code="r">Y</subfield><subfield code="s">Y</subfield><subfield code="t">NO_LOAN</subfield><subfield code="u">6/18/2015</subfield></datafield><datafield ind1=" " ind2=" " tag="926"><subfield code="a">T 55 L434 2015</subfield><subfield code="w">LC</subfield><subfield code="c">1</subfield><subfield code="i">0163790008037</subfield><subfield code="l">STACKS</subfield><subfield code="m">AHS_KEC</subfield><subfield code="r">Y</subfield><subfield code="s">Y</subfield><subfield code="t">BOOK</subfield><subfield code="u">12/22/2015</subfield></datafield><datafield ind1=" " ind2=" " tag="926"><subfield code="a">T 55 L42 2015</subfield><subfield code="w">LC</subfield><subfield code="c">1</subfield><subfield code="i">0163020233199</subfield><subfield code="l">ON_SHELF</subfield><subfield code="m">AITF_MW</subfield><subfield code="p">$150.00</subfield><subfield code="r">Y</subfield><subfield code="s">Y</subfield><subfield code="t">BOOK</subfield><subfield code="u">1/21/2016</subfield></datafield><datafield ind1=" " ind2=" " tag="926"><subfield code="a">T 55 L42 2015</subfield><subfield code="w">LC</subfield><subfield code="c">2</subfield><subfield code="i">0163020233256</subfield><subfield code="l">ON_SHELF</subfield><subfield code="m">AITF_VEG</subfield><subfield code="p">$150.00</subfield><subfield code="r">Y</subfield><subfield code="s">Y</subfield><subfield code="t">BOOK</subfield><subfield code="u">1/21/2016</subfield></datafield><datafield ind1=" " ind2=" " tag="926"><subfield code="a">T 55 L42 2015</subfield><subfield code="w">LC</subfield><subfield code="c">3</subfield><subfield code="i">0163020233322</subfield><subfield code="l">REFERENCE</subfield><subfield code="m">AITF_C-FER</subfield><subfield code="p">$150.00</subfield><subfield code="r">Y</subfield><subfield code="s">Y</subfield><subfield code="t">NO_LOAN</subfield><subfield code="u">2/22/2016</subfield></datafield></record>